@article{smokesim,
   author	 = "BIAO,Wang",
   title	 = "Smoke Simulation using WebGL Technology",
   journal	 = "法政大学大学院紀要. 情報科学研究科編",
   year 	 = "2017",
   volume	 = "12",
   number	 = "",
   pages	 = "1--6",
   month	 = "Mar"
}

@book{nvidia, 
  edition={1}, 
  title={GPU Gems}, 
  url={http://developer.download.nvidia.com/books/HTML/gpugems/gpugems\_ch38.html}, 
  journal={NVIDIA Corporation}, 
  author={Harris, Mark J.},
  year={2004} 
}

@article{fluid, 
  title={Fluid Simulation}, 
  url={https://www.cs.ubc.ca/~rbridson/fluidsimulation/fluids\_notes.pdf}, 
  journal={SIGGRAPH}, 
  author={Bridson, Robert and Muller-Fischer, Matthias}, 
  year={2007}, 
  month={Aug} 
}

@misc{webgl, 
  title={WebGL API},
  url={https://developer.mozilla.org/en-US/docs/Web/API/WebGL\_API}, 
  journal={MDN Web Docs}, 
  year={2019}, 
  month={Mar}
}

@misc{webglsim, 
  title={WebGL Fluid Simulation}, 
  url={https://github.com/PavelDoGreat/WebGL-Fluid-Simulation}, 
  journal={GitHub}, 
  author={Dobryakov, Pavel}, 
  year={2017}
}